<?xml version="1.0" encoding="UTF-8"?><collection xmlns="http://www.loc.gov/MARC21/slim"><record><leader>00395nam--2200121-i-4500</leader><controlfield tag="001">000036107</controlfield><controlfield tag="002">20161230</controlfield><controlfield tag="005">20161230201040</controlfield><controlfield tag="008">060222s1000------------r-----000-0-eng-d</controlfield><datafield ind1=" " ind2=" " tag="080"><subfield code="a">37592</subfield></datafield><datafield ind1=" " ind2=" " tag="245"><subfield code="a">Nuclear energy in the west. current and projected nuclear activities in the member western states</subfield></datafield><datafield ind1=" " ind2=" " tag="260"><subfield code="a">Lakewood, Colorado, Western Interstate Nuclear Board, 1971. Xiii+109p</subfield></datafield><datafield ind1=" " ind2=" " tag="852"><subfield code="a">621.039</subfield></datafield></record></collection>